@BOOK{Weste88,
       author={N. H. E. Weste and K. Eshraghian}, 
		   title={Principles of CMOS VLSI design: a systems perspective}, 
		   publisher={Addison-Wesley},
		   year={1988}
		   }


@ARTICLE{Huff51,
author={Huffman, D.A.},
journal={Proceedings of the Institute of Radio Engineers},
title={A Method for the Construction of Minimum-Redundancy Codes},
year={1952},
month={Sept},
volume={40},
number={9},
pages={1098-1101},
keywords={Transmitters},
doi={10.1109/JRPROC.1952.273898},
}


@Article{Amst86,
author = {J. Amsterdam},
title = {Data compression with Huffman coding},
journal = {BYTE},
year = {1986},
OPTkey = {•},
volume = {11},
number = {5},
pages = {98-108},
OPTnote = {•},
OPTannote = {•}
}

@Article{Redmond09,
author = {W. A. Redmond},
title = {International Morse Code},
journal = {Microsoft Encarta 2009 [DVD]},
year = {1964},
OPTkey = {•},
OPTvolume = {•},
OPTnumber = {•},
pages = {275-278},
OPTmonth = {•},
OPTnote = {•},
OPTannote = {•}
}

@Article{Gr03,
author = {P. D. Grunwald and   P. M. B. Vitany},
title = {Kolmogorov Complexity and Information Theory: With an Interpretation in Terms of questions and Answers },
journal = {Journal of Logic, Language and Information},
year = {2003},
OPTkey = {•},
volume = {12},
OPTnumber = {•},
pages = {497-529},
OPTmonth = {•},
OPTnote = {•},
OPTannote = {•}
}

@Article{Karp61,
author = {R. Karp},
title = {Minimum-redundancy coding for the discrete noiseless channel},
journal = {IRE Transactions on Information Theory},
year = {1961},
OPTkey = {•},
volume = {7},
number = {1},
pages = {27-38},
OPTnote = {•},
OPTannote = {•}
}

@Article{Kar62,
author = {R. M. Krause},
title = {Channels which transmit letters of unequal duration},
journal = {Information Control},
year = {1962},
OPTkey = {•},
volume = {5},
number = {1},
pages = {13-24},
OPTnote = {•},
OPTannote = {•}
}

@Article{Varn71,
author = {B. Varn},
title = {Optimal Variable Length Codes -{Arbitrary symbol cost and equal code word probability}},
journal = {Information and Control},
year = {1971},
OPTkey = {•},
volume = {19},
number={4},
pages = {289-301},
OPTmonth = {•},
OPTnote = {•},
OPTannote = {•}
}

@Article{AltMel80,
author = {D. Altenkamp and K. Mehlhorn},
title = {Codes: Unequal probabilities, unequal letter costs},
journal = {Journal of the Association for Computing Machinery},
year = {1980},
OPTkey = {•},
volume = {27},
number = {3},
pages = {412-427},
OPTnote = {•},
OPTannote = {•}
}

@article{perl1975,
  title={Efficient generation of optimal prefix code: Equiprobable words using unequal cost letters},
  author={Perl, Y. and Garey, M. R. and Even, S.},
  journal={Journal of the ACM (JACM)},
  volume={22},
  number={2},
  pages={202--214},
  year={1975},
  publisher={ACM}
}

@Article{Gil95,
author = {E. N. Gilbert},
title = {Coding with digits of unequal costs},
journal = {IEEE Transactions on Information Theory},
year = {1995},
OPTkey = {•},
volume = {41},
number = {2},
pages = {596-600},
OPTmonth = {•},
OPTnote = {•},
OPTannote = {•}
}

@Article{Kay03,
author = {M. A. Mannan and M. Kaykobad},
title = {Block Huffman Coding},
journal = {Computers and Mathematics with Applications},
year = {2003},
OPTkey = {•},
volume = {46},
number = {10-11},
pages = {1581-1587},
OPTmonth = {•},
OPTnote = {•},
OPTannote = {•}
}

@article{ Gol1996,
Author = {Golin, M. J. and Young, N.},
Title = {{Prefix codes: Equiprobable words, unequal letter costs}},
Journal = {{SIAM Journal on Compting}},
Year = {{1996}},
Volume = {{25}},
Number = {{6}},
Pages = {{1281-1292}},
Unique-ID = {{ISI:A1996VV39500008}},
}

@InProceedings{Gol02,
author = {M. J. Golin and C. Kenyon and N. E. Young},
title = {Huffman Coding with Unequal Letter Costs},
booktitle = {ACM Symposium on Theory of Computing},
OPTcrossref = {•},
OPTkey = {•},
pages = {785-791},
year = {2002},
OPTeditor = {•},
OPTvolume = {•},
OPTnumber = {•},
OPTseries = {•},
OPTaddress = {Chicago, IL},
OPTorganization = {•},
OPTpublisher = {•},
OPTnote = {•},
OPTannote = {•}
}
@article{Gol12,
Author = {Golin, M. J. and Mathieu, C. and Young, N. E.},
Title = {{Huffman Coding with Letter Costs: A Linear-Time Approximation Scheme}},
Journal = {{SIAM Journal on Computing}},
Year = {{2012}},
Volume = {{41}},
Number = {{3}},
Pages = {{684-713}},
Unique-ID = {{ISI:000306001700009}},
}

@article{ Gol2002,
Author = {Bradford, P. and Golin, M. J. and Larmore, L. L. and Rytter, W.},
Title = {{Optimal prefix-free codes for unequal letter costs: Dynamic programming
   with the Monge property}},
Journal = {{Journal of Algorithms}},
Year = {{2002}},
Volume = {{42}},
Number = {{2}},
Pages = {{277-303}},
Unique-ID = {{ISI:000175127900004}},
}

@InProceedings{Kab14,
author = {S. Kabir and T. Azad and A. S. M. A. Alam and M. Kaykobad},
title = {Effects of Unequal Bit Costs on Classical Huffman Codes},
booktitle = {17th International Conference on Computer and Information Technology},
OPTcrossref = {•},
OPTkey = {•},
pages = {96-101},
year = {2014},
OPTaddress = {Dhaka, Bangladesh},
OPTorganization = {•},
OPTpublisher = {•},
OPTnote = {•},
OPTannote = {•}
}
@article{val10,
  title={Fast and efficient searching of biological data resources—using EB-eye},
  author={Valentin, F. and Squizzato, S. and Goujon, M. and McWilliam, H. and Paern, J. and Lopez, R.},
  journal={Briefings in bioinformatics},
  volume={11},
  number={4},
  pages={375--384},
  year={2010},
  publisher={Oxford Univ Press}
}
@article{Doug08,
  title={Big data: The future of biocuration},
  author={D. Howe and M. Costanzo and P. Fey and T. Gojobori and L. Hannick and W. Hide and D. P. Hill and R. Kania and M. Schaeffer and S. S. Pierre and S. Twigger and O. White and S. Y. Rhee},
  journal={Nature},
  volume={455},
  pages={47--50},
  year={2008}
}
@article{chr09,
author = {C. Scott and L. Yiming and L. Chen and X. Xiaohui}, 
title = {Human genomes as email attachments},
volume = {25}, 
number = {2}, 
pages = {274-275}, 
year = {2009}, 
doi = {10.1093/bioinformatics/btn582}, 
journal = {Bioinformatics} 
}
@article{che03,
  title={Multiple sequence alignment with the Clustal series of programs},
  author={Chenna, R. and Sugawara, H. and Koike, T. and Lopez, R. and Gibson, T. J. and Higgins, D. G. and Thompson, J. D.},
  journal={Nucleic acids research},
  volume={31},
  number={13},
  pages={3497--3500},
  year={2003},
  publisher={Oxford Univ Press}
}
@article{cha14,
  title={A Novel Approach for Discovering Condition-Specific Correlations of Gene Expressions within Biological Pathways by Using Cloud Computing Technology},
  author={C. Tzu-Hao and W. Shih-Lin and W. Wei-Jen and H. Jorng-Tzong and C. Cheng-Wei},
  journal={BioMed research international},
  volume={2014},
  year={2014},
  publisher={Hindawi Publishing Corporation}
}
@article{bra09,
  title={Data structures and compression algorithms for genomic sequence data},
  author={Brandon, M. C. and Wallace, D. C. and Baldi, P.},
  journal={Bioinformatics},
  volume={25},
  number={14},
  pages={1731--1738},
  year={2009},
  publisher={Oxford Univ Press}
}
@article{wan11,
  title={A novel compression tool for efficient storage of genome resequencing data},
  author={Wang, C. and Zhang, D.},
  journal={Nucleic acids research},
  volume={39},
  number={7},
  pages={e45--e45},
  year={2011},
  publisher={Oxford Univ Press}
}
@article{golin98,
  title={A dynamic programming algorithm for constructing optimal prefix-free codes with unequal letter costs},
  author={Golin, M. J. and Rote, G.},
  journal={IEEE Transactions on Information Theory},
  volume={44},
  number={5},
  pages={1770--1781},
  year={1998},
  publisher={IEEE}
}
@book{gen1,
  title={An introduction to genetic algorithms},
  author={Mitchell, M.},
  year={1998},
  publisher={MIT press}
}
@misc{bli95,
  title={A comparison of selection schemes used in genetic algorithms},
  author={Blickle, T. and Thiele, L.},
  year={1995},
  publisher={TIK-Report}
}
@article{osa14,
  title={Crossover versus Mutation: A Comparative Analysis of the Evolutionary Strategy of Genetic Algorithms Applied to Combinatorial Optimization Problems},
  author={Osaba, E. and Carballedo, R. and Diaz, F. and Onieva, E. and de la Iglesia, I. and Perallos, A.},
  journal={The Scientific World Journal},
  volume={2014},
  year={2014},
  publisher={Hindawi Publishing Corporation}
}

@Article{Golomb96,
author = {S. W. Golomb},
title = {Run-length encodings},
journal = {IEEE Transactions on Information Theory },
year = {1996},
OPTkey = {•},
volume = {12},
number = {3},
pages = {399-401},
month = {•},
OPTnote = {•},
OPTannote = {•}
}

@ARTICLE{Elias75, 
author={P. Elias }, 
journal={IEEE Transactions on Information Theory }, 
title={Universal codeword sets and representations of the integers}, 
year={1975},  
volume={21}, 
number={2}, 
pages={194-203}, 
keywords={Source coding;Variable-length coding (VLC);Application software;Binary sequences;Computational complexity;Concrete;Encoding;Entropy;Information analysis;Information retrieval;Information theory;Probability distribution}, 
doi={10.1109/TIT.1975.1055349}, 

}

@Book{Harvey00,
author = {H. Lodish and A. Berk and S. L. Zipursky and P. Matsudaira and D. Baltimore  and J. Darnell},
title = {Molecular Cell Biology},
edition = {4th },
publisher={W.H.Freeman and Co Ltd},
year = {1999}
}
@article{pruitt2009ncbi,
  title={N{CBI} Reference Sequences: current status, policy and new initiatives},
  author={Pruitt, K. D. and Tatusova, T. and Klimke, W. and Maglott, D. R.},
  journal={Nucleic acids research},
  volume={37},
  number={suppl 1},
  pages={D32--D36},
  year={2009},
  publisher={Oxford Univ Press}
}

}