@BOOK{Weste88,
       author={Neil H. E. Weste and Kamran Eshraghian}, 
		   title={Principles of CMOS VLSI design: a systems perspective}, 
		   publisher={Addison-Wesley},
		   year={1988}
		   }


@ARTICLE{Huff51,
author={Huffman, D.A.},
journal={Proceedings of the Institute of Radio Engineers},
title={A Method for the Construction of Minimum-Redundancy Codes},
year={1952},
month={Sept},
volume={40},
number={9},
pages={1098-1101},
keywords={Transmitters},
doi={10.1109/JRPROC.1952.273898},
ISSN={0096-8390},}


@Article{Amst86,
author = {Jonathan Amsterdam},
title = {Data compression with Huffman coding},
journal = {BYTE},
year = {1986},
OPTkey = {•},
volume = {11},
number = {5},
pages = {98-108},
month = {May},
OPTnote = {•},
OPTannote = {•}
}

@Article{Redmond09,
author = {W A Redmond},
title = {International Morse Code},
journal = {Microsoft Encarta 2009 [DVD]},
year = {1964},
OPTkey = {•},
OPTvolume = {•},
OPTnumber = {•},
pages = {275-278},
OPTmonth = {•},
OPTnote = {•},
OPTannote = {•}
}

@Article{Gr03,
author = {Peter  D. Grunwald and   Paul  M. B. Vitany},
title = {Kolmogorov Complexity and Information Theory},
journal = {Journal of Logic, Language and Information},
year = {2003},
OPTkey = {•},
volume = {12},
OPTnumber = {•},
pages = {497-529},
OPTmonth = {•},
OPTnote = {•},
OPTannote = {•}
}

@Article{Karp61,
author = {Richard Karp},
title = {Minimum-redundancy coding for the discrete noiseless channel},
journal = {IRE Transactions on Information Theory},
year = {1961},
OPTkey = {•},
volume = {7},
number = {1},
pages = {27-38},
OPTmonth = {January},
OPTnote = {•},
OPTannote = {•}
}

@Article{Kar62,
author = {Ralph M. Krause},
title = {Channels which transmit letters of unequal duration},
journal = {Information Control},
year = {1962},
OPTkey = {•},
volume = {5},
OPTnumber = {•},
pages = {13-24},
month = {March},
OPTnote = {•},
OPTannote = {•}
}

@Article{Varn71,
author = {B. Varn},
title = {Optimal Variable Length Codes -{Arbitrary symbol cost and equal code word probability}},
journal = {Information Control},
year = {1971},
OPTkey = {•},
OPTvolume = {•},
number = {19},
pages = {289-301},
OPTmonth = {•},
OPTnote = {•},
OPTannote = {•}
}

@Article{AltMel80,
author = {Doris Altenkamp and Kurt Mehlhorn},
title = {Codes: Unequal probabilities, unequal letter costs},
journal = {Journal of the Association for Computing Machinery},
year = {1980},
OPTkey = {•},
volume = {27},
number = {3},
pages = {412-427},
month = {July},
OPTnote = {•},
OPTannote = {•}
}

@article{perl1975,
  title={Efficient generation of optimal prefix code: Equiprobable words using unequal cost letters},
  author={Perl, Yehoshua and Garey, Michael R and Even, Shimon},
  journal={Journal of the ACM (JACM)},
  volume={22},
  number={2},
  pages={202--214},
  year={1975},
  publisher={ACM}
}

@Article{Gil95,
author = {E. N. Gilbert},
title = {Coding with digits of unequal costs},
journal = {IEEE Transactions on Information Theory},
year = {1995},
OPTkey = {•},
volume = {41},
OPTnumber = {•},
OPTpages = {596-600},
OPTmonth = {•},
OPTnote = {•},
OPTannote = {•}
}