 @inproceedings{1,
  title={Mining association rules between sets of items in large databases},
  author={Agrawal, Rakesh and Imieli{\'n}ski, Tomasz and Swami, Arun},
  booktitle={ACM SIGMOD Record},
  volume={22},
  number={2},
  pages={207--216},
  year={1993},
  organization={ACM}
}
@article{2,
  title={Parallel mining of association rules},
  author={Agrawal, Rakesh and Shafer, John C},
  journal={IEEE Transactions on knowledge and Data Engineering},
  volume={8},
  number={6},
  pages={962--969},
  year={1996},
  publisher={IEEE Computer Society}
} 

@book{3,
  title={Intelligent Data Warehousing: From data preparation to data mining},
  author={Chen, Zhengxin},
  year={2001},
  publisher={CRC press}
}
@article{4,
  title={Data mining in course management systems: Moodle case study and tutorial},
  author={Romero, Crist{\'o}bal and Ventura, Sebasti{\'a}n and Garc{\'\i}a, Enrique},
  journal={Computers \& Education},
  volume={51},
  number={1},
  pages={368--384},
  year={2008},
  publisher={Elsevier}
}
@inproceedings{5,
  title={Fast algorithms for mining association rules},
  author={Agrawal, Rakesh and Srikant, Ramakrishnan and others},
  booktitle={Proc. 20th int. conf. very large data bases, VLDB},
  volume={1215},
  pages={487--499},
  year={1994}
}
@inproceedings{6,
  title={Mining frequent patterns without candidate generation},
  author={Han, Jiawei and Pei, Jian and Yin, Yiwen},
  booktitle={ACM SIGMOD Record},
  volume={29},
  number={2},
  pages={1--12},
  year={2000},
  organization={ACM}
}
@inproceedings{7,
  title={Dynamic itemset counting and implication rules for market basket data},
  author={Brin, Sergey and Motwani, Rajeev and Ullman, Jeffrey D and Tsur, Shalom},
  booktitle={ACM SIGMOD Record},
  volume={26},
  number={2},
  pages={255--264},
  year={1997},
  organization={ACM}
}
@book{8,
  title={An effective hash-based algorithm for mining association rules},
  author={Park, Jong Soo and Chen, Ming-Syan and Yu, Philip S},
  volume={24},
  number={2},
  year={1995},
  publisher={ACM}
}
@article{9,
  title={Scalable algorithms for association mining},
  author={Zaki, Mohammed Javeed},
  journal={Knowledge and Data Engineering, IEEE Transactions on},
  volume={12},
  number={3},
  pages={372--390},
  year={2000},
  publisher={IEEE}
}
@article{10,
  title={Genetic algorithm-based strategy for identifying association rules without specifying actual minimum support},
  author={Yan, Xiaowei and Zhang, Chengqi and Zhang, Shichao},
  journal={Expert Systems with Applications},
  volume={36},
  number={2},
  pages={3066--3076},
  year={2009},
  publisher={Elsevier}
}
@inproceedings{11,
  title={Association rule mining using a multi-objective grammar-based ant programming algorithm},
  author={Olmo, Juan Luis and Luna, Jos{\'e} Mar{\'\i}a and Romero, Jos{\'e} Ra{\'u}l and Ventura, Sebasti{\'a}n},
  booktitle={Intelligent Systems Design and Applications (ISDA), 2011 11th International Conference on},
  pages={971--977},
  year={2011},
  organization={IEEE}
}
@article{12,
  title={Application of particle swarm optimization to association rule mining},
  author={Kuo, Ren Jie and Chao, Chie Min and Chiu, YT},
  journal={Applied Soft Computing},
  volume={11},
  number={1},
  pages={326--336},
  year={2011},
  publisher={Elsevier}
}

@article{13,
  title={Multi-objective numeric association rules mining via ant colony optimization for continuous domains without specifying minimum support and minimum confidence},
  author={Moslehi, Parisa and Bidgoli, Behrouz Minaei and Nasiri, Mahdi and Salajegheh, Afshin},
  journal={International Journal of Computer Science Issues (IJCSI)},
  volume={8},
  number={5},
  year={2011},
  publisher={Citeseer}
}
@article{14,
  title={Bees swarm optimisation using multiple strategies for association rule mining},
  author={Djenouri, Youcef and Drias, Habiba and Habbas, Zineb},
  journal={International Journal of Bio-Inspired Computation},
  volume={6},
  number={4},
  pages={239--249},
  year={2014},
  publisher={Inderscience}
}
@incollection{15,
  title={Penguins search optimization algorithm (PeSOA)},
  author={Gheraibia, Youcef and Moussaoui, Abdelouahab},
  booktitle={Recent Trends in Applied Artificial Intelligence},
  pages={222--231},
  year={2013},
  publisher={Springer}
}
@inproceedings{16,
  title={Mining numeric association rules with genetic algorithms},
  author={Mata, Jacinto and Alvarez, JL and Riquelme, JC},
  booktitle={Artificial Neural Nets and Genetic Algorithms},
  pages={264--267},
  year={2001},
  organization={Springer}
}
@inproceedings{17,
  title={An evolutionary algorithm to discover numeric association rules},
  author={Mata, Jacinto and Alvarez, Jos{\'e}-Luis and Riquelme, Jos{\'e}-Cristobal},
  booktitle={Proceedings of the 2002 ACM symposium on Applied computing},
  pages={590--594},
  year={2002},
  organization={ACM}
}
@article{18,
  title={A Quantum Swarm Evolutionary Algorithm for mining association rules in large databases},
  author={Ykhlef, Mourad},
  journal={Journal of King Saud University-Computer and Information Sciences},
  volume={23},
  number={1},
  pages={1--6},
  year={2011},
  publisher={Elsevier}
}
@incollection{19,
  title={Survey on association rules mining algorithms},
  author={Zhang, Mingzhu and He, Changzheng},
  booktitle={Advancing Computing, Communication, Control and Management},
  pages={111--118},
  year={2010},
  publisher={Springer}
}
@inproceedings{20,
  title={Rule mining algorithm with a new ant colony optimization algorithm},
  author={Thangavel, K and Jaganathan, P},
  booktitle={Conference on Computational Intelligence and Multimedia Applications, 2007. International Conference on},
  volume={2},
  pages={135--140},
  year={2007},
  organization={IEEE}
}
@article{21,
  title={Efficient mining of association rules based on gravitational search algorithm},
  author={Khademolghorani, Fariba and Baraani, Ahmad and Zamanifar, Kamran},
  journal={International Journal of Computer Science Issues (IJCSI)},
  volume={8},
  number={4},
  year={2011},
  publisher={Citeseer}
}
@inproceedings{22,
  title={A hybrid Bees Swarm Optimization and Tabu Search algorithm for Association rule mining},
  author={Djenouri, Youcef and Drias, Habiba and Chemchem, Amine},
  booktitle={Nature and Biologically Inspired Computing (NaBIC), 2013 World Congress on},
  pages={120--125},
  year={2013},
  organization={IEEE}
}
@article{23,
  title={Association rule mining in genomics},
  author={Anandhavalli, M and Ghose, MK and Gauthaman, M},
  journal={International journal of computer Theory and engineering},
  volume={2},
  number={5},
  year={2010}
}

@article{24,
  title={Integrated analysis of gene expression by association rules discovery},
  author={Carmona-Saez, Pedro and Chagoyen, Monica and Rodriguez, Andres and Trelles, Oswaldo and Carazo, Jose M and Pascual-Montano, Alberto},
  journal={BMC bioinformatics},
  volume={7},
  number={1},
  pages={54},
  year={2006},
  publisher={BioMed Central Ltd}
}
@inproceedings{25,
  title={Temporal association rules for gene regulatory networks},
  author={Baralis, Elena and Bruno, Giulia and Ficarra, Elisa},
  booktitle={Intelligent Systems, 2008. IS'08. 4th International IEEE Conference},
  volume={2},
  pages={12--2},
  year={2008},
  organization={IEEE}
}
@incollection{26,
  title={Association analysis techniques for bioinformatics problems},
  author={Atluri, Gowtham and Gupta, Rohit and Fang, Gang and Pandey, Gaurav and Steinbach, Michael and Kumar, Vipin},
  booktitle={Bioinformatics and Computational Biology},
  pages={1--13},
  year={2009},
  publisher={Springer}
}
@inproceedings{27,
  title={An efficient measure for evaluating association rules},
  author={Djenouri, Youcef and Gheraibia, Youcef and Mehdi, Malika and Bendjoudi, Ahcene and Nouali-Taboudjemat, Nadia},
  booktitle={Soft Computing and Pattern Recognition (SoCPaR), 2014 6th International Conference of},
  pages={406--410},
  year={2014},
  organization={IEEE}
}
@misc{28,
  title={UCI Machine Learning Repository. University of California, School of Information and Computer Science, Irvine, CA (2013)},
  author={Bache, K and Lichman, M},
  year={2009}
}
@inproceedings{29,
  title={An algorithm for mining association rules using perfect hashing and database pruning},
  author={Ozel, SA and Guvenir, HA},
  booktitle={10th Turkish Symposium on Artificial Intelligence and Neural Networks},
  pages={257--264},
  year={2001},
  organization={Citeseer}
}
@article{30,
  title={A primer to frequent itemset mining for bioinformatics},
  author={Naulaerts, Stefan and Meysman, Pieter and Bittremieux, Wout and Vu, Trung Nghia and Berghe, Wim Vanden and Goethals, Bart and Laukens, Kris},
  journal={Briefings in bioinformatics},
  pages={bbt074},
  year={2013},
  publisher={Oxford Univ Press}
}
@article{31,
  title={Mining co-regulated gene profiles for the detection of functional associations in gene expression data},
  author={Gyenesei, Attila and Wagner, Ulrich and Barkow-Oesterreicher, Simon and Stolte, Etzard and Schlapbach, Ralph},
  journal={Bioinformatics},
  volume={23},
  number={15},
  pages={1927--1935},
  year={2007},
  publisher={Oxford Univ Press}
}
@article{32,
  title={Improved genetic algorithm based on simulated annealing and quantum computing strategy for mining association rules},
  author={Liu, Dongsheng},
  journal={Journal of Software},
  volume={5},
  number={11},
  pages={1243--1249},
  year={2010}
}
@article{33,
  title={QUBIC: a qualitative biclustering algorithm for analyses of gene expression data},
  author={Li, Guojun and Ma, Qin and Tang, Haibao and Paterson, Andrew H and Xu, Ying},
  journal={Nucleic acids research},
  volume={37},
  number={15},
  pages={e101--e101},
  year={2009},
  publisher={Oxford Univ Press}
}





